<?xml version="1.0" encoding="utf-8"?>
<record xmlns="http://www.loc.gov/MARC21/slim" xmlns:xsi="http://www.w3.org/2001/XMLSchema-instance" xsi:schemaLocation="http://www.loc.gov/MARC21/slim http://www.loc.gov/standards/marcxml/schema/MARC21slim.xsd">
	<leader>     nam a22     Mi 4500</leader>
	<controlfield tag="001">b12781101</controlfield>
	<controlfield tag="003">LeBAU</controlfield>
	<controlfield tag="006">m        d        </controlfield>
	<controlfield tag="007">cr cn |||m|||a</controlfield>
	<controlfield tag="008">181009s1942    ua      ob    ||0 0 ara d</controlfield>
	<datafield ind1=" " ind2=" " tag="040">
		<subfield code="a">ZYU</subfield>
		<subfield code="b">ara</subfield>
		<subfield code="e">rda</subfield>
		<subfield code="c">ZYU</subfield>
	</datafield>
	<datafield ind1=" " ind2="4" tag="050">
		<subfield code="a">R153</subfield>
		<subfield code="b">.A46 1942</subfield>
	</datafield>
	<datafield ind1="0" ind2="4" tag="082">
		<subfield code="a">926.1</subfield>
		<subfield code="2">20</subfield>
	</datafield>
	<datafield ind1="0" ind2=" " tag="100">
		<subfield code="6">880-01</subfield>
		<subfield code="a">Aḥmad ʻĪsá,</subfield>
		<subfield code="e">author.</subfield>
	</datafield>
	<datafield ind1="1" ind2="0" tag="245">
		<subfield code="6">880-02</subfield>
		<subfield code="a">Mu‘jam al-aṭibbā’ :</subfield>
		<subfield code="b">min sanat 650 H. ilá yawminā hādhā : dhayl ‘Uyūn al-anbā’ fī ṭabaqāt al-aṭibbā’ li-ibn Abī Uṣaybi‘ah /</subfield>
		<subfield code="c">ta’līf al-Duktūr Aḥmad ʻĪsá Bik.</subfield>
	</datafield>
	<datafield ind1=" " ind2=" " tag="250">
		<subfield code="6">880-03</subfield>
		<subfield code="a">al-Ṭab‘ah al-ūlá.</subfield>
	</datafield>
	<datafield ind1=" " ind2="1" tag="264">
		<subfield code="6">880-04</subfield>
		<subfield code="a">Miṣr :</subfield>
		<subfield code="b">Maṭba‘at Fatḥ Allāh Ilyās Nūrī wa-Awlāduh,</subfield>
		<subfield code="c">1361 H. = 1942 M.</subfield>
	</datafield>
	<datafield ind1=" " ind2=" " tag="300">
		<subfield code="6">880-05</subfield>
		<subfield code="a">online resource (527 pages)</subfield>
	</datafield>
	<datafield ind1=" " ind2=" " tag="336">
		<subfield code="a">text</subfield>
		<subfield code="2">rdacontent</subfield>
	</datafield>
	<datafield ind1=" " ind2=" " tag="337">
		<subfield code="a">computer</subfield>
		<subfield code="2">rdamedia</subfield>
	</datafield>
	<datafield ind1=" " ind2=" " tag="338">
		<subfield code="a">online resource</subfield>
		<subfield code="2">rdacarrier</subfield>
	</datafield>
	<datafield ind1="1" ind2=" " tag="490">
		<subfield code="6">880-06</subfield>
		<subfield code="a">Jāmi‘at Fu’ād al-Awwal, Kullīyat al-Ṭibb ;</subfield>
		<subfield code="v">al-mu’allaf raqam 18</subfield>
	</datafield>
	<datafield ind1=" " ind2=" " tag="500">
		<subfield code="a">Part of the Arabic Collections Online (ACO) project, contributed by American University of Beirut's Jafet Memorial Library.</subfield>
	</datafield>
	<datafield ind1=" " ind2=" " tag="533">
		<subfield code="a">Electronic reproduction.</subfield>
		<subfield code="b">New York, N.Y. :</subfield>
		<subfield code="c">New York University,</subfield>
		<subfield code="d">2018.</subfield>
		<subfield code="5">NNU</subfield>
	</datafield>
	<datafield ind1=" " ind2="0" tag="650">
		<subfield code="6">880-07</subfield>
		<subfield code="a">Medicine, Arab</subfield>
		<subfield code="v">Biography.</subfield>
	</datafield>
	<datafield ind1=" " ind2="0" tag="650">
		<subfield code="6">880-08</subfield>
		<subfield code="a">Physicians</subfield>
		<subfield code="z">Arab countries</subfield>
		<subfield code="v">Biography.</subfield>
	</datafield>
	<datafield ind1=" " ind2="0" tag="650">
		<subfield code="6">880-09</subfield>
		<subfield code="a">Physicians</subfield>
		<subfield code="z">Islamic Empire</subfield>
		<subfield code="v">Biography.</subfield>
	</datafield>
	<datafield ind1="2" ind2=" " tag="710">
		<subfield code="a">Jafet Memorial Library.</subfield>
	</datafield>
	<datafield ind1="0" ind2=" " tag="730">
		<subfield code="a">Arabic Collections Online.</subfield>
	</datafield>
	<datafield ind1="0" ind2="8" tag="776">
		<subfield code="i">Print version:</subfield>
		<subfield code="a">Aḥmad ʻĪsá, author.</subfield>
		<subfield code="t">Mu‘jam al-aṭibbā’</subfield>
		<subfield code="w">(LeBAU)b12781101</subfield>
	</datafield>
	<datafield ind1="0" ind2=" " tag="787">
		<subfield code="6">880-10</subfield>
		<subfield code="i">is sequel to</subfield>
		<subfield code="4">http://rdaregistry.info/Elements/w/P10227:</subfield>
		<subfield code="t">Kitāb ‘uyūn al-anbā’ fī ṭabaqāt al-aṭibbā’.</subfield>
		<subfield code="b">al-Ṭab‘ah al-ūlá</subfield>
		<subfield code="d">[Miṣr] : al-Maṭba‘ah al-Wahbīyah, 1299 H. = 1882 M.</subfield>
		<subfield code="w">(OCoLC)784508246</subfield>
		<subfield code="w">(OCoLC)784508246</subfield>
	</datafield>
	<datafield ind1=" " ind2="0" tag="830">
		<subfield code="6">880-11</subfield>
		<subfield code="a">Jāmi‘at Fu’ād al-Awwal, Kullīyat al-Ṭibb ;</subfield>
		<subfield code="v">18.</subfield>
	</datafield>
	<datafield ind1="4" ind2="0" tag="856">
		<subfield code="u">http://hdl.handle.net/2333.1/1ns1rvg6</subfield>
	</datafield>
	<datafield ind1="0" ind2=" " tag="880">
		<subfield code="6">100-01</subfield>
		<subfield code="a">احمد عيسى،</subfield>
		<subfield code="e">مؤلف.</subfield>
		<subfield code="4">aut.</subfield>
	</datafield>
	<datafield ind1="1" ind2="0" tag="880">
		<subfield code="6">245-02</subfield>
		<subfield code="a">معجم الأطباء :</subfield>
		<subfield code="b">من سنة 650 هـ. الى يومنا هذا : ذيل عيون الأنباء في طبقات الأطباء لإبن أبي أصيبعة /</subfield>
		<subfield code="c">تأليف الدكتور أحمد عيسى بك.</subfield>
	</datafield>
	<datafield ind1=" " ind2=" " tag="880">
		<subfield code="6">250-03</subfield>
		<subfield code="a">الطبعة الأولى.</subfield>
	</datafield>
	<datafield ind1=" " ind2="1" tag="880">
		<subfield code="6">264-04</subfield>
		<subfield code="a">مصر :</subfield>
		<subfield code="b">مطبعة فتح الله إلياس نوري وأولاده،</subfield>
		<subfield code="c">1361 هـ. = 1942 م.</subfield>
	</datafield>
	<datafield ind1=" " ind2=" " tag="880">
		<subfield code="6">300-05</subfield>
		<subfield code="a">527 صفحة ؛</subfield>
		<subfield code="c">23 سم.</subfield>
	</datafield>
	<datafield ind1="1" ind2=" " tag="880">
		<subfield code="6">490-06</subfield>
		<subfield code="a">جامعة فؤاد الأول، كلية الطب ؛</subfield>
		<subfield code="v">المؤلف رقم 18</subfield>
	</datafield>
	<datafield ind1=" " ind2=" " tag="880">
		<subfield code="6">504-00</subfield>
		<subfield code="a">يتضمن مراجع ببليوغرافية (صفحات 5-52)</subfield>
	</datafield>
	<datafield ind1=" " ind2="4" tag="880">
		<subfield code="6">650-07</subfield>
		<subfield code="a">الطب العربي</subfield>
		<subfield code="v">تراجم.</subfield>
	</datafield>
	<datafield ind1=" " ind2="4" tag="880">
		<subfield code="6">650-08</subfield>
		<subfield code="a">الاطباء</subfield>
		<subfield code="z">البلدان العربية</subfield>
		<subfield code="v">تراجم.</subfield>
	</datafield>
	<datafield ind1=" " ind2="4" tag="880">
		<subfield code="6">650-09</subfield>
		<subfield code="a">الاطباء</subfield>
		<subfield code="z">الامبراطورية الاسلامية</subfield>
		<subfield code="v">تراجم.</subfield>
	</datafield>
	<datafield ind1="0" ind2=" " tag="880">
		<subfield code="6">787-10</subfield>
		<subfield code="i">ذيل لـ</subfield>
		<subfield code="4">http://rdaregistry.info/Elements/w/P10227:</subfield>
		<subfield code="t">كتاب عيون الأنباء في طبقات الأطباء.</subfield>
		<subfield code="b">الطبعة الأولى</subfield>
		<subfield code="d">[مصر] : المطبعة الوهبية، 1299 هـ. = 1882 م.</subfield>
		<subfield code="w">b12767396</subfield>
		<subfield code="w">(OCoLC)784508246</subfield>
	</datafield>
	<datafield ind1=" " ind2="0" tag="880">
		<subfield code="6">830-11</subfield>
		<subfield code="a">جامعة فؤاد الأول، كلية الطب ؛</subfield>
		<subfield code="v">18.</subfield>
	</datafield>
	<datafield ind1=" " ind2=" " tag="959">
		<subfield code="a">NNU</subfield>
		<subfield code="b">WEB</subfield>
		<subfield code="c">GENI</subfield>
		<subfield code="t">0</subfield>
		<subfield code="m">Electronic access</subfield>
		<subfield code="s">01</subfield>
	</datafield>
	<datafield ind1=" " ind2=" " tag="999">
		<subfield code="i">LeBAU_b12781101</subfield>
		<subfield code="s">aub_aco001879</subfield>
		<subfield code="e">(ERROR-MISC)</subfield>
		<subfield code="s">aub_aco001879</subfield>
	</datafield>
</record>
